@article{article,
author = {Grossi, Roberto and Gupta, Ankur and Vitter, Jeffrey},
year = {2002},
month = {11},
pages = {},
title = {High-Order Entropy-Compressed Text Indexes},
journal = {Proceedings of the Annual ACM-SIAM Symposium on Discrete Algorithms},
doi = {10.1145/644108.644250}
}

#articolo principale del paper
@InProceedings{alanko_et_al:LIPIcs.SEA.2023.4,
  author =	{Alanko, Jarno N. and Biagi, Elena and Puglisi, Simon J. and Vuohtoniemi, Jaakko},
  title =	{{Subset Wavelet Trees}},
  booktitle =	{21st International Symposium on Experimental Algorithms (SEA 2023)},
  pages =	{4:1--4:14},
  series =	{Leibniz International Proceedings in Informatics (LIPIcs)},
  ISBN =	{978-3-95977-279-2},
  ISSN =	{1868-8969},
  year =	{2023},
  volume =	{265},
  editor =	{Georgiadis, Loukas},
  publisher =	{Schloss Dagstuhl -- Leibniz-Zentrum f{\"u}r Informatik},
  address =	{Dagstuhl, Germany},
  doi =		{10.4230/LIPIcs.SEA.2023.4},
  annote =	{Keywords: degenerate strings, compressed data structures, succinct data structures, string processing, data structures, efficient algorithms}
}

# quad wavelet tree di venturini
@misc{QWT,
  author = {Matteo Ceregini, Florian Kurpicz, Rossano Venturini},
  title = {Faster Wavelet Trees with Quad Vectors},
  booktitle = {Data Compression Conference ({DCC})},
  publisher = {IEEE},
  year = {2024},
  doi = {10.48550/ARXIV.2302.09239},
  url = {http://arxiv.org/abs/2302.09239}
}

# versione migliorata del paper principale dei subset wavelet trees
@misc{bille2023rank,
      title={Rank and Select on Degenerate Strings},
      author={Philip Bille and Inge Li GÃ¸rtz and Tord Stordalen},
      year={2023},
      eprint={2310.19702},
      archivePrefix={arXiv},
      primaryClass={cs.DS}
}

@article {Alanko2022.05.19.492613,
	author = {Jarno N. Alanko and Simon J. Puglisi and Jaakko Vuohtoniemi},
	title = {Succinct k-mer Sets Using Subset Rank Queries on the Spectral Burrows-Wheeler Transform *},
	elocation-id = {2022.05.19.492613},
	year = {2022},
	doi = {10.1101/2022.05.19.492613},
	publisher = {Cold Spring Harbor Laboratory},
	URL = {https://www.biorxiv.org/content/early/2022/09/05/2022.05.19.492613},
	eprint = {https://www.biorxiv.org/content/early/2022/09/05/2022.05.19.492613.full.pdf},
	journal = {bioRxiv}
}

# Struttura dati RRR importante
@article{Raman_2007,
   title={Succinct indexable dictionaries with applications to encoding
            k
            -ary trees, prefix sums and multisets},
   volume={3},
   ISSN={1549-6333},
   url={http://dx.doi.org/10.1145/1290672.1290680},
   DOI={10.1145/1290672.1290680},
   number={4},
   journal={ACM Transactions on Algorithms},
   publisher={Association for Computing Machinery (ACM)},
   author={Raman, Rajeev and Raman, Venkatesh and Satti, Srinivasa Rao},
   year={2007},
   month=nov, pages={43} }
